<?xml version="1.0" encoding="UTF-8"?><collection xmlns="http://www.loc.gov/MARC21/slim"><record><leader>00415nam--2200145-i-4500</leader><controlfield tag="001">000034859</controlfield><controlfield tag="002">20161230</controlfield><controlfield tag="005">20161230201040</controlfield><controlfield tag="008">060222s1000------------r-----000-0-eng-d</controlfield><datafield ind1=" " ind2=" " tag="080"><subfield code="a">517.11:681.31</subfield></datafield><datafield ind1=" " ind2=" " tag="100"><subfield code="a">Nadler, Morton</subfield></datafield><datafield ind1=" " ind2=" " tag="245"><subfield code="a">Topics engineering logic</subfield></datafield><datafield ind1=" " ind2=" " tag="260"><subfield code="a">Oxford, Pergamon Press, 1962. Xv + 231p</subfield></datafield><datafield ind1=" " ind2=" " tag="490"><subfield code="a">International Series Of Monographs On Electronics And Instrumentation</subfield></datafield><datafield ind1=" " ind2=" " tag="852"><subfield code="a">17949</subfield></datafield></record></collection>